@misc{tiobe index | tiobe - the software quality company_2017,
url={https://www.tiobe.com/tiobe-index/},
journal={Tiobe.com},
year={2017}
},

@article{armstrong_1997,
title={The development of Erlang},
volume={32},
DOI={10.1145/258949.258967},
number={8},
journal={ACM SIGPLAN Notices},
author={Armstrong, Joe},
year={1997},
pages={196-203}
},

@article{bauer_w�ssner_1972,
title={The �Plankalk�l� of Konrad Zuse: a forerunner of today's programming languages},
volume={15},
DOI={10.1145/361454.361515},
number={7},
journal={Communications of the ACM},
author={Bauer, F. L. and W�ssner, H.},
year={1972},
pages={678-685}
},

@article{maloney_resnick_rusk_silverman_eastmond_2010,
title={The Scratch Programming Language and Environment},
volume={10},
DOI={10.1145/1868358.1868363},
number={4},
journal={ACM Transactions on Computing Education},
author={Maloney, John and Resnick, Mitchel and Rusk, Natalie and Silverman, Brian and Eastmond, Evelyn},
year={2010},
pages={1-15}
},

@book{srikant_shankar_2008,
place={Boca Raton},
edition={2},
title={The compiler design handbook},
publisher={CRC Press},
author={Srikant, Y. N and Shankar, P},
year={2008},
pages={10-15}
}
